<?xml version="1.0" encoding="UTF-8"?><collection xmlns="http://www.loc.gov/MARC21/slim"><record><leader>00495nam--2200145-i-4500</leader><controlfield tag="001">000017671</controlfield><controlfield tag="002">20161230</controlfield><controlfield tag="005">20161230201032</controlfield><controlfield tag="008">060222s1000------------r-----000-0-eng-d</controlfield><datafield ind1=" " ind2=" " tag="080"><subfield code="a">517.948</subfield></datafield><datafield ind1=" " ind2=" " tag="100"><subfield code="a">Aczel, J</subfield></datafield><datafield ind1=" " ind2=" " tag="245"><subfield code="a">Lectures on functional equations and their applications. translated by scripta technica inc. supplemented by the author. edited by hansjorg oser</subfield></datafield><datafield ind1=" " ind2=" " tag="260"><subfield code="a">New York, Academic Press, 1966 Xix + 510 P</subfield></datafield><datafield ind1=" " ind2=" " tag="490"><subfield code="a">Mathematics In Science And Engineering</subfield></datafield><datafield ind1=" " ind2=" " tag="852"><subfield code="a">17315</subfield></datafield></record></collection>